<?xml version="1.0" encoding="UTF-8"?><record xmlns="http://www.loc.gov/MARC21/slim">
<leader>00000cam a2200000Ii 4500</leader>
<controlfield tag="001">973807354</controlfield>
<controlfield tag="008">170224t20182017nyu           000 f eng d</controlfield>
<datafield ind1=" " ind2=" " tag="020">
  <subfield code="a">0765393131</subfield>
</datafield>
<datafield ind1=" " ind2=" " tag="020">
  <subfield code="a">9780765393135</subfield>
</datafield>
<datafield ind1="1" ind2=" " tag="100">
  <subfield code="a">Okorafor, Nnedi,</subfield>
  <subfield code="e">author.</subfield>
</datafield>
<datafield ind1="1" ind2="0" tag="245">
  <subfield code="a">Binti :</subfield>
  <subfield code="b">the night masquerade /</subfield>
  <subfield code="c">Nnedi Okorafor.</subfield>
</datafield>
<datafield ind1="3" ind2="0" tag="246">
  <subfield code="a">Night masquerade</subfield>
</datafield>
<datafield ind1=" " ind2=" " tag="250">
  <subfield code="a">First edition.</subfield>
</datafield>
<datafield ind1=" " ind2="1" tag="264">
  <subfield code="a">New York, NY :</subfield>
  <subfield code="b">Tom Doherty Associates,</subfield>
  <subfield code="c">2018.</subfield>
</datafield>
<datafield ind1=" " ind2="4" tag="264">
  <subfield code="c">©2017</subfield>
</datafield>
<datafield ind1=" " ind2=" " tag="300">
  <subfield code="a">208 pages ;</subfield>
  <subfield code="c">21 cm</subfield>
</datafield>
<datafield ind1="1" ind2=" " tag="490">
  <subfield code="a">Binti ;</subfield>
  <subfield code="v">3</subfield>
</datafield>
<datafield ind1=" " ind2=" " tag="500">
  <subfield code="a">Sequel to: Binti and Binti : home.</subfield>
</datafield>
<datafield ind1=" " ind2=" " tag="520">
  <subfield code="a">"Binti has returned to her home planet, believing that the violence of the Meduse has been left behind. Unfortunately, although her people are peaceful on the whole, the same cannot be said for the Khoush, who fan the flames of their ancient rivalry with the Meduse. Far from her village when the conflicts start, Binti hurries home, but anger and resentment has already claimed the lives of many close to her. Once again it is up to Binti, and her intriguing new friend Mwinyi, to intervene--though the elders of her people do not entirely trust her motives--and try to prevent a war that could wipe out her people, once and for all."--Publisher's description.</subfield>
</datafield>
<datafield ind1=" " ind2="0" tag="650">
  <subfield code="a">Human-alien encounters</subfield>
  <subfield code="v">Fiction.</subfield>
</datafield>
<datafield ind1=" " ind2="0" tag="650">
  <subfield code="a">Extraterrestrial beings</subfield>
  <subfield code="v">Fiction.</subfield>
</datafield>
<datafield ind1=" " ind2="0" tag="650">
  <subfield code="a">Interstellar travel</subfield>
  <subfield code="v">Fiction.</subfield>
</datafield>
<datafield ind1=" " ind2="0" tag="651">
  <subfield code="a">Outer space</subfield>
  <subfield code="v">Fiction.</subfield>
</datafield>
<datafield ind1=" " ind2="7" tag="650">
  <subfield code="a">FICTION</subfield>
  <subfield code="x">Science Fiction</subfield>
  <subfield code="x">Action &amp; Adventure.</subfield>
  <subfield code="2">bisacsh</subfield>
</datafield>
<datafield ind1=" " ind2="7" tag="650">
  <subfield code="a">FICTION</subfield>
  <subfield code="x">Science Fiction</subfield>
  <subfield code="x">Alien Contact.</subfield>
  <subfield code="2">bisacsh</subfield>
</datafield>
<datafield ind1=" " ind2="7" tag="650">
  <subfield code="a">FICTION</subfield>
  <subfield code="x">Science Fiction</subfield>
  <subfield code="x">Space Opera.</subfield>
  <subfield code="2">bisacsh</subfield>
</datafield>
<datafield ind1=" " ind2="7" tag="650">
  <subfield code="a">Extraterrestrial beings.</subfield>
  <subfield code="2">fast</subfield>
  <subfield code="0">(OCoLC)fst01742248</subfield>
</datafield>
<datafield ind1=" " ind2="7" tag="650">
  <subfield code="a">Human-alien encounters.</subfield>
  <subfield code="2">fast</subfield>
  <subfield code="0">(OCoLC)fst00963475</subfield>
</datafield>
<datafield ind1=" " ind2="7" tag="650">
  <subfield code="a">Interstellar travel.</subfield>
  <subfield code="2">fast</subfield>
  <subfield code="0">(OCoLC)fst00977550</subfield>
</datafield>
<datafield ind1=" " ind2="7" tag="651">
  <subfield code="a">Outer space.</subfield>
  <subfield code="2">fast</subfield>
  <subfield code="0">(OCoLC)fst01243437</subfield>
</datafield>
<datafield ind1=" " ind2="4" tag="655">
  <subfield code="a">Science fiction.</subfield>
</datafield>
<datafield ind1=" " ind2="7" tag="655">
  <subfield code="a">Fiction.</subfield>
  <subfield code="2">fast</subfield>
  <subfield code="0">(OCoLC)fst01423787</subfield>
</datafield>
<datafield ind1=" " ind2="7" tag="655">
  <subfield code="a">Science fiction.</subfield>
  <subfield code="2">fast</subfield>
  <subfield code="0">(OCoLC)fst01726489</subfield>
</datafield>
<datafield ind1=" " ind2="7" tag="655">
  <subfield code="a">Science fiction.</subfield>
  <subfield code="2">gsafd</subfield>
</datafield>
<datafield ind1=" " ind2="7" tag="655">
  <subfield code="a">Science fiction.</subfield>
  <subfield code="2">lcgft</subfield>
</datafield>
<datafield ind1=" " ind2="4" tag="880">
  <subfield code="6">264-00</subfield>
  <subfield code="c">© 2017</subfield>
</datafield>
</record>
